
@article{Oliva2001,
author = {Oliva, Aude and Torralba, Antonio},
title = {Modeling the Shape of the Scene: A Holistic Representation of the Spatial Envelope},
journal = {The International Journal of Computer Vision},
year = {2001}, volume = {42}, pages = {145-175},}

@INPROCEEDINGS{Pal2016,  
author={Pal, Kuntal Kumar and Sudeep, K. S.},  
booktitle={2016 IEEE International Conference on Recent Trends in Electronics, Information   Communication Technology (RTEICT)},   
title={Preprocessing for image classification by convolutional neural networks},   
year={2016}, pages={1778-1781},}

@INPROCEEDINGS{Bae2019,  
author={Bae, In-Gyu and Bang, Seongbae and Kim, Wonha},  
booktitle={2019 16th International Conference on Ubiquitous Robots (UR)},   
title={Convolutional Neural Network for Raindrop Detection},   
year={2019}, pages={102-105},}
